
@article{AllAboutTheFormat,
author = { G. J. J.   Verhoeven },
title = {It's all about the format â€“ unleashing the power of RAW aerial photography},
journal = {International Journal of Remote Sensing},
volume = {31},
number = {8},
pages = {2009-2042},
year  = {2010},
publisher = {Taylor & Francis},
doi = {10.1080/01431160902929271},

URL = {
        https://doi.org/10.1080/01431160902929271

},
eprint = {
        https://doi.org/10.1080/01431160902929271

}

}
