% example .bib file for use with projectpaper.tex

